% ARTICLE{Lim:etal:LREV2014,
%year={2014},
%issn={1574-020X},
%journal={Language Resources and Evaluation},
%doi={10.1007/s10579-013-9253-0},
%title={{L}exicon+{TX}: rapid construction of a multilingual lexicon with under-resourced %languages},
%publisher={Springer Netherlands},
%keywords={Multilingual lexicon; Under-resourced languages; Malay; Iban},
%author={Lim, Lian Tze and Soon, Lay-Ki and Lim, Tek Yong and Tang, Enya Kong and Ranaivo-%Malan√ßon, Bali},
%pages={479--492},
%volume={48},
%number={3}
%}

% PHDTHESIS{Lim:thesis:2013,
%  author = {Lim, Lian Tze},
%  title = {Low-Cost Multilingual Lexicon Construction for Under-Resourced Languages},
%  school = {Faculty of Computing and Informatics, Multimedia University},
%  year = {2013},
%  address = {Cyberjaya, Malaysia}
%}

@inproceedings{gil2023versionnement,
  title={Versionnement de graphe pour des donn{\'e}es urbaines {\'e}volutives},
  author={GIL, Jey PUGET and Coquery, Emmanuel and Samuel, John and Gesqui{\`e}re, Gilles},
  booktitle={BDA 2023},
  year={2023}
}

@inproceedings{gil2024conver,
  title={ConVer-G: Concurrent versioning of knowledge graphs},
  author={GIL, Jey PUGET and Coquery, Emmanuel and Samuel, John and Gesqui{\`e}re, Gilles},
  booktitle={40{\`e}me conf{\'e}rence sur la gestion des donn{\'e}es (BDA)},
  year={2024}
}


% INPROCEEDINGS{didier:lim:mathieu:2007:fr,
%  author = {Didier Schwab and Lim,Lian Tze and Mathieu Lafourcade},
%  title = {\emph{Les Vecteurs Conceptuels, un Outil Compl\'{e}mentaire aux R\'{e}seaux
%	Lexicaux}},
%  booktitle = {Proceedings of {Traitement Automatique des Langues Naturelle (\textsc{taln}
%	2007)}},
%  year = {2007},
%  address = {Toulouse, France},
%  owner = {liantze},
%  timestamp = {2007.10.31}
%}


% BOOK{Bahari:Lim:2009,
%  title = {Grid Computing Cluster: The Development and Integration of Grid Services
%	and Applications},
%  publisher = {Platform for Information \& Communication Technology Research, Universiti
%	Sains Malaysia},
%  year = {2009},
%  editor = {Bahari Belaton and Lim, Lian Tze},
%  address = {Penang, Malaysia},
%  isbn = {978-983-3986-58-3},
%  keywords = {own},
%  owner = {liantzelim},
%  timestamp = {2009.06.27}
%}
